@article{autor,
    author  = "Isaac Rossell Ripoll",
    title   = "Plantilla Treball Fi de Grau",
    journal = "Un document en \TeX",
    number  = "0",
    year    = "2018"
}

% https://en.wikibooks.org/wiki/LaTeX/Bibliography_Management
% Tipus d'elements que hi poden haver en la bibliografia.
